%YAML 1.1
%TAG !u! tag:unity3d.com,2011:
--- !u!244 &-8023154657322492551
AudioMixerEffectController:
  m_ObjectHideFlags: 3
  m_CorrespondingSourceObject: {fileID: 0}
  m_PrefabInstance: {fileID: 0}
  m_PrefabAsset: {fileID: 0}
  m_Name: 
  m_EffectID: 944cceac475a7a34a8fc43d248e78f21
  m_EffectName: Attenuation
  m_MixLevel: f5041c398e969e44e97fae5abc0ab8a4
  m_Parameters: []
  m_SendTarget: {fileID: 0}
  m_EnableWetMix: 0
  m_Bypass: 0
--- !u!244 &-6655422983808169781
AudioMixerEffectController:
  m_ObjectHideFlags: 3
  m_CorrespondingSourceObject: {fileID: 0}
  m_PrefabInstance: {fileID: 0}
  m_PrefabAsset: {fileID: 0}
  m_Name: 
  m_EffectID: eb154210249185a459c1175d2ef7d0e0
  m_EffectName: Attenuation
  m_MixLevel: ebdc99daffc4d094f944b664a28ddeea
  m_Parameters: []
  m_SendTarget: {fileID: 0}
  m_EnableWetMix: 0
  m_Bypass: 0
--- !u!241 &24100000
AudioMixerController:
  m_ObjectHideFlags: 0
  m_CorrespondingSourceObject: {fileID: 0}
  m_PrefabInstance: {fileID: 0}
  m_PrefabAsset: {fileID: 0}
  m_Name: MainMix
  m_OutputGroup: {fileID: 0}
  m_MasterGroup: {fileID: 24300002}
  m_Snapshots:
  - {fileID: 24500006}
  m_StartSnapshot: {fileID: 24500006}
  m_SuspendThreshold: -80
  m_EnableSuspend: 1
  m_UpdateMode: 0
  m_ExposedParameters: []
  m_AudioMixerGroupViews:
  - guids:
    - a02e506d8e1fa2c40b828bf2843d47d1
    - 44dfb254403974647ac9fab442b943be
    - 66367a2bd42b9404ebdb5893b02ed5c2
    name: View
  m_CurrentViewIndex: 0
  m_TargetSnapshot: {fileID: 24500006}
--- !u!243 &24300002
AudioMixerGroupController:
  m_ObjectHideFlags: 0
  m_CorrespondingSourceObject: {fileID: 0}
  m_PrefabInstance: {fileID: 0}
  m_PrefabAsset: {fileID: 0}
  m_Name: Master
  m_AudioMixer: {fileID: 24100000}
  m_GroupID: a02e506d8e1fa2c40b828bf2843d47d1
  m_Children:
  - {fileID: 6604088971625352276}
  - {fileID: 2746897223521370888}
  m_Volume: 66f423e2aa989714c82b94cf14bcd194
  m_Pitch: acc1ebb093ca6d041b111f4495768fa2
  m_Send: 00000000000000000000000000000000
  m_Effects:
  - {fileID: 24400004}
  m_UserColorIndex: 0
  m_Mute: 0
  m_Solo: 0
  m_BypassEffects: 0
--- !u!244 &24400004
AudioMixerEffectController:
  m_ObjectHideFlags: 3
  m_CorrespondingSourceObject: {fileID: 0}
  m_PrefabInstance: {fileID: 0}
  m_PrefabAsset: {fileID: 0}
  m_Name: 
  m_EffectID: 4a11f947cb173a946b0f650cfafa6fa4
  m_EffectName: Attenuation
  m_MixLevel: dc30b48d1a05a4847b44887bfcd88818
  m_Parameters: []
  m_SendTarget: {fileID: 0}
  m_EnableWetMix: 0
  m_Bypass: 0
--- !u!245 &24500006
AudioMixerSnapshotController:
  m_ObjectHideFlags: 0
  m_CorrespondingSourceObject: {fileID: 0}
  m_PrefabInstance: {fileID: 0}
  m_PrefabAsset: {fileID: 0}
  m_Name: Snapshot
  m_AudioMixer: {fileID: 24100000}
  m_SnapshotID: ff44fc90f01da6b48bd826244ebaf09d
  m_FloatValues:
    70054126c19b9df4bae0df3511689653: 2.5
    e72dc48791119ad488bbe0fbd4d65d34: 0
    efa94d0bd0fef944ca4f3309994e8d1b: -20
    de4b1acc318200045b9634b42e75ba50: 0
    644958df136fcc347b3042a1da1f2058: -18
  m_TransitionOverrides: {}
--- !u!244 &1082840045929539553
AudioMixerEffectController:
  m_ObjectHideFlags: 3
  m_CorrespondingSourceObject: {fileID: 0}
  m_PrefabInstance: {fileID: 0}
  m_PrefabAsset: {fileID: 0}
  m_Name: 
  m_EffectID: 0e193888321ddec42b18167c5b29370f
  m_EffectName: Send
  m_MixLevel: e72dc48791119ad488bbe0fbd4d65d34
  m_Parameters: []
  m_SendTarget: {fileID: 7492261808469453309}
  m_EnableWetMix: 0
  m_Bypass: 0
--- !u!243 &2746897223521370888
AudioMixerGroupController:
  m_ObjectHideFlags: 0
  m_CorrespondingSourceObject: {fileID: 0}
  m_PrefabInstance: {fileID: 0}
  m_PrefabAsset: {fileID: 0}
  m_Name: SE
  m_AudioMixer: {fileID: 24100000}
  m_GroupID: 66367a2bd42b9404ebdb5893b02ed5c2
  m_Children: []
  m_Volume: 27c791fdcb0806b45a5148e0d16012f4
  m_Pitch: feae74a0b2c3ae845bc502bde7ab0709
  m_Send: 00000000000000000000000000000000
  m_Effects:
  - {fileID: -8023154657322492551}
  - {fileID: 1082840045929539553}
  m_UserColorIndex: 0
  m_Mute: 0
  m_Solo: 0
  m_BypassEffects: 0
--- !u!243 &6604088971625352276
AudioMixerGroupController:
  m_ObjectHideFlags: 0
  m_CorrespondingSourceObject: {fileID: 0}
  m_PrefabInstance: {fileID: 0}
  m_PrefabAsset: {fileID: 0}
  m_Name: Music
  m_AudioMixer: {fileID: 24100000}
  m_GroupID: 44dfb254403974647ac9fab442b943be
  m_Children: []
  m_Volume: 644958df136fcc347b3042a1da1f2058
  m_Pitch: 7c2b4561882848144bfe5446e99adae9
  m_Send: 00000000000000000000000000000000
  m_Effects:
  - {fileID: -6655422983808169781}
  - {fileID: 7492261808469453309}
  m_UserColorIndex: 0
  m_Mute: 0
  m_Solo: 0
  m_BypassEffects: 0
--- !u!244 &7492261808469453309
AudioMixerEffectController:
  m_ObjectHideFlags: 3
  m_CorrespondingSourceObject: {fileID: 0}
  m_PrefabInstance: {fileID: 0}
  m_PrefabAsset: {fileID: 0}
  m_Name: 
  m_EffectID: a2eb5a8bb9bb7234ba03486af5d9ace0
  m_EffectName: Duck Volume
  m_MixLevel: 8a94672844538e24dabc9f466f50b77d
  m_Parameters:
  - m_ParameterName: Threshold
    m_GUID: efa94d0bd0fef944ca4f3309994e8d1b
  - m_ParameterName: Ratio
    m_GUID: 70054126c19b9df4bae0df3511689653
  - m_ParameterName: Attack Time
    m_GUID: de4b1acc318200045b9634b42e75ba50
  - m_ParameterName: Release Time
    m_GUID: 430eabd941ed8fb409c69bc547657ee1
  - m_ParameterName: Make-up Gain
    m_GUID: 0ed9988f25626bf469ef1a07fb894bde
  - m_ParameterName: Knee
    m_GUID: 17b0c4db96ed75949a21137d6008595d
  - m_ParameterName: Sidechain Mix
    m_GUID: a53f8c447589f9a498f068e7340e3896
  m_SendTarget: {fileID: 0}
  m_EnableWetMix: 0
  m_Bypass: 0
